
@book{avraham2012,
  title = {Hebrew {{Quest}}},
  author = {Avraham, Yisrael},
  date = {2012},
  url = {https://holylanguage.com/quest.html}
}

@book{bolen2016,
  title = {Pictorial Library of {{Bible Lands}}},
  author = {Bolen, Todd},
  date = {2016},
  url = {https://www.bibleplaces.com}
}


@book{delauro2009,
  title = {Scholars {{Gateway}}},
  author = {DeLauro, David},
  date = {2009},
  url = {https://scholarsgateway.com/}
}

@book{beckman2012,
  title = {Materials for {{Basics}} of {{Biblical Hebrew}}, Second Edition},
  author = {Beckman, John},
  date = {2012},
  url = {https://hebrewsyntax.org/bbh2new/}
}


@book{chisholm1998,
  title = {From {{Exegesis to Exposition}}: A practical Guide to Using Biblical Hebrew},
  shorttitle = {{{Exegesis to Exposition}}},
  author = {Chisholm, Robert B., Jr.},
  date = {1998},
  publisher = {{Kregel}},
  location = {{Grand Rapids, MI}},
  langid = {english}
}

@book{chisholm2006,
  title = {A Workbook for {{Intermediate Hebrew}}: Grammar, Exegesis, and Commentary on Jonah and Ruth},
  shorttitle = {Workkbook {{Intermediate Hebrew}}},
  author = {Chisholm, Robert B., Jr.},
  date = {2006},
  publisher = {{Baker}},
  location = {{Grand Rapids, MI}},
  langid = {english}
}


@book{pratico2007,
  title = {Basics of {{Biblical Hebrew}}: Grammar},
  shorttitle = {Basics of {{Biblical Hebrew}}},
  author = {Pratico, Gary D and Van Pelt, Miles V},
  date = {2007},
  publisher = {{Zondervan}},
  location = {{Grand Rapids, MI}},
  annotation = {OCLC: 1056584911},
  langid = {english}
}

@book{holladay1988,
  title = {A Concise {{Hebrew and Aramaic Lexicon}} of the Old Testament},
  shorttitle = {CHALOT},
  author = {Holladay, William L.},
  date = {1988},
  publisher = {{Eerdmans}},
  location = {{Grand Rapids, MI}},
  langid = {english}
}



@incollection{warfield2007bobhg,
  title = {The {{Languages}} of {{Pastoral Ministry}}},
  booktitle = {Basics of {{Biblical Hebrew}}: Grammar},
  author = {Warfield, Benjamin Breckenridge},
  editor = {Pratico, Gary D and Van Pelt, Miles V},
  date = {2007},
  publisher = {{Zondervan}},
  location = {{Grand Rapids, MI}},
  annotation = {OCLC: 1056584911},
  langid = {english}
}


